@misc{lxcwebsite,
	author={St\'ephane Graber},
	title={Userspace tools for the Linux kernel containers},
	howpublished={Beschikbaar op \url{http://linuxcontainers.org/}},
	year={2013},
	note={Bezocht op 15/02/2014}
}

@book{taoe,
	author={Jon Erickson},
	title={Hacking: The Art of Exploitation, 2nd edition},
	publisher={No Starch Press, Inc.},
	year={2008}
}

@misc{lxcbuilds,
	author={St\'ephane Graber},
	title={Daily builds of LXC},
	howpublished={Beschikbaar op \url{https://launchpad.net/~ubuntu-lxc/+archive/daily}},
	year={2014},
	note={Bezocht op 15/02/2014}
}

@misc{dockergithub,
	author={Docker Inc.},
	title={dotcloud/docker},
	howpublished={Beschikbaar op \url{https://github.com/dotcloud/docker}},
	year={2014},
	note={Bezocht op 15/02/2014}
}

@misc{dockerrepo,
	author={Docker Inc.},
	title={Docker Index},
	howpublished={Beschikbaar op \url{https://index.docker.io/}},
	year={2014},
	note={Bezocht op 15/02/2014}
}

@misc{dockerpunt8,
	author={Solomon Hykes},
	title={Docker 0.8: Quality, new builder features, btrfs, OSX support},
	howpublished={Beschikbaar op \url{http://blog.docker.io/2014/02/docker-0-8-quality-new-builder-features-btrfs-storage-osx-support/}},
	year={2014},
	note={Bezocht op 15/02/2014}
}

@misc{dockerv1,
	author={Docker Inc.},
	title={About Docker},
	howpublished={Beschikbaar op \url{https://www.docker.io/learn_more/}},
	year={2014},
	note={Bezocht op 15/02/2014}
}
